<?xml version="1.0" encoding="UTF-8"?><record xmlns="http://www.loc.gov/MARC21/slim" xmlns:cinclude="http://apache.org/cocoon/include/1.0" xmlns:zs="http://www.loc.gov/zing/srw/">
  <leader>00406nz  a2200121n  4500</leader>
  <controlfield tag="001">n  88625194 </controlfield>
  <controlfield tag="003">DLC</controlfield>
  <controlfield tag="005">19880404110143.7</controlfield>
  <controlfield tag="008">880404n| acannaab|          |n aad |||  </controlfield>
  <datafield tag="010" ind1=" " ind2=" ">
    <subfield code="a">n  88625194 </subfield>
  </datafield>
  <datafield tag="040" ind1=" " ind2=" ">
    <subfield code="a">DLC</subfield>
    <subfield code="c">DLC</subfield>
  </datafield>
  <datafield tag="100" ind1="1" ind2="0">
    <subfield code="a">Wilson, B. J.</subfield>
  </datafield>
  <datafield tag="670" ind1=" " ind2=" ">
    <subfield code="a">nuc88-39968: Poultry Science Symposium (12th : 1976 : Edinburgh?). Growth and poultry meat ... 1977</subfield>
    <subfield code="b">(hdg. on CU-A rept.: Wilson, B. J.; usage: B.J. Wilson)</subfield>
  </datafield>
</record>